@article{Avigad2016, author = "Jeremy Avigad and Leonardo de Moura and Soonho Kong", title = "{Theorem Proving in Lean}", year = "2016", month = "1", url = "https://kilthub.cmu.edu/articles/journal_contribution/Theorem_Proving_in_Lean/6492902", doi = "10.1184/R1/6492902.v1" } 
@article{rijke_introduction_2021,
	title = {Introduction to {Homotopy} {Type} {Theory}},
	language = {en},
	author = {Rijke, Egbert},
	year = {2021},
	pages = {478},
	file = {Rijke - 2021 - Introduction to Homotopy Type Theory.pdf:/Users/yuxuansun/Zotero/storage/6Z6AW8Z7/Rijke - 2021 - Introduction to Homotopy Type Theory.pdf:application/pdf},
}

@article{program_homotopy_2013,
	title = {Homotopy {Type} {Theory}: {Univalent} {Foundations} of {Mathematics}},
	shorttitle = {Homotopy {Type} {Theory}},
	url = {http://arxiv.org/abs/1308.0729},
	language = {en},
	urldate = {2022-03-17},
	journal = {arXiv:1308.0729 [cs, math]},
	author = {Program, The Univalent Foundations},
	month = aug,
	year = {2013},
	note = {arXiv: 1308.0729},
	keywords = {Computer Science - Programming Languages, Mathematics - Algebraic Topology, Mathematics - Category Theory, Mathematics - Logic},
	file = {Program - 2013 - Homotopy Type Theory Univalent Foundations of Mat.pdf:/Users/yuxuansun/Zotero/storage/3EZPFCIV/Program - 2013 - Homotopy Type Theory Univalent Foundations of Mat.pdf:application/pdf},
}

@article{grayson_introduction_2018,
	title = {An introduction to univalent foundations for mathematicians},
	volume = {55},
	issn = {0273-0979, 1088-9485},
	url = {http://arxiv.org/abs/1711.01477},
	doi = {10.1090/bull/1616},
	language = {en},
	number = {4},
	urldate = {2022-03-17},
	journal = {Bulletin of the American Mathematical Society},
	author = {Grayson, Daniel R.},
	month = mar,
	year = {2018},
	note = {arXiv: 1711.01477},
	keywords = {03B35 (Primary) 03B15 (Secondary), Mathematics - Logic},
	pages = {427--450},
	file = {Grayson - 2018 - An introduction to univalent foundations for mathe.pdf:/Users/yuxuansun/Zotero/storage/A3M84QJX/Grayson - 2018 - An introduction to univalent foundations for mathe.pdf:application/pdf},
}

@article{boldo_formalization_2016,
	title = {Formalization of real analysis: a survey of proof assistants and libraries},
	volume = {26},
	issn = {0960-1295, 1469-8072},
	shorttitle = {Formalization of real analysis},
	url = {https://www.cambridge.org/core/product/identifier/S0960129514000437/type/journal_article},
	doi = {10.1017/S0960129514000437},
	language = {en},
	number = {7},
	urldate = {2022-03-17},
	journal = {Mathematical Structures in Computer Science},
	author = {Boldo, Sylvie and Lelay, Catherine and Melquiond, Guillaume},
	month = oct,
	year = {2016},
	pages = {1196--1233},
	file = {Boldo et al. - 2016 - Formalization of real analysis a survey of proof .pdf:/Users/yuxuansun/Zotero/storage/KVFC7GZR/Boldo et al. - 2016 - Formalization of real analysis a survey of proof .pdf:application/pdf},
}

@article{bezem_werner_nodate,
	title = {Werner {Heisenberg}, {Der} {Teil} und das {Ganze}: {Gespräche} im {Umkreis} der {Atomphysik}, 1969, {English} translation, {Physics} and {Beyond}, 1971.},
	language = {en},
	author = {Bezem, Marc and Buchholtz, Ulrik and Cagne, Pierre and Dundas, Bjørn Ian and Grayson, Daniel R},
	pages = {209},
	file = {Bezem et al. - Werner Heisenberg, Der Teil und das Ganze Gespräc.pdf:/Users/yuxuansun/Zotero/storage/QW33A8R2/Bezem et al. - Werner Heisenberg, Der Teil und das Ganze Gespräc.pdf:application/pdf},
}

@article{lundfall_formalizing_nodate,
	title = {Formalizing {Real} {Numbers} in {Agda}},
	language = {en},
	author = {Lundfall, Martin},
	pages = {62},
	file = {Lundfall - Formalizing Real Numbers in Agda.pdf:/Users/yuxuansun/Zotero/storage/N5WBGHDM/Lundfall - Formalizing Real Numbers in Agda.pdf:application/pdf},
}

@article{affeldt_formalizing_nodate,
	title = {Formalizing functional analysis structures in dependent type theory},
	language = {en},
	author = {Affeldt, Reynald and Cohen, Cyril and Kerjean, Marie and Mahboubi, Assia and Rouhling, Damien and Sakaguchi, Kazuhiko},
	pages = {18},
	file = {Affeldt et al. - Formalizing functional analysis structures in depe.pdf:/Users/yuxuansun/Zotero/storage/MSIGU468/Affeldt et al. - Formalizing functional analysis structures in depe.pdf:application/pdf},
}

@article{palmer_set_nodate,
	title = {Set {Theory}, {Type} {Theory} and the future of {Proof} {Veriﬁcation} {Software}},
	language = {en},
	author = {Palmer, James},
	pages = {33},
	file = {Palmer - Set Theory, Type Theory and the future of Proof Ve.pdf:/Users/yuxuansun/Zotero/storage/4ZDM94JF/Palmer - Set Theory, Type Theory and the future of Proof Ve.pdf:application/pdf},
}

